%% This BibTeX bibliography file was created using BibDesk.
%% http://bibdesk.sourceforge.net/


%% Created for Dean Bisogno at 2015-05-01 15:24:28 -0600 


%% Saved with string encoding Unicode (UTF-8) 



@book{Neukirch,
	Author = {Jurgen Neukirch},
	Publisher = {Springer-Verlag Berlin Heidelberg},
	Title = {Algebraic Number Theory},
	Year = {1999}}
@book{Serre,
	Author = {Jeane-Pierre Serre},
	Publisher = {Springer-Verlag New York},
	Title = {Local Fields},
	Year = {1995}}
@book{stitchenoth,
	Author = {Henning Stitchenoth},
	Publisher = {Springer-Verlag Berlin Heidelberg},
	Title = {Algebraic Function Fields and Codes},
	Year = {1993}}
@book{cassel,
	Author = {J.W.S. Cassels and A. Frohlich},
	Publisher = {Academic Press Inc. (London) LTD},
	Title = {Algebraic Number Theory},
	Year = {1967}}
@book{DnF,
	Author = {David Dummit and Richard Foote},
	Publisher = {John Wiley \& Sons, Inc.},
	Title = {Abstract Algebra},
	Year = {2004}}
@electronic{clark,
 Author   = {Pete Clark},
 Title     = {Lecture Notes on Local Fields},
 Year	   = {2009},
 url       = {http://math.uga.edu/~pete/local.pdf}}

@electronic{chonoles,
 Author   = {Zev Chonoles},
 Year     = {2010},
 Title     = {An Introduction to Higher Ramification Groups},
 url       = {http://math.uchicago.edu/~chonoles/expository-notes/ramificationgroups.pdf}}
@UNPUBLISHED{RnR,
 Author = {Renzo Cavalieri and Rachel Pries},
 Title = {Introduction to Hurwitz Theory},
 note = {Unpublished manuscript}
 }